<?xml version="1.0" encoding="UTF-8"?><collection xmlns="http://www.loc.gov/MARC21/slim"><record><leader>00571nam--2200181-u-4500</leader><controlfield tag="001">000052156</controlfield><controlfield tag="002">20161230</controlfield><controlfield tag="005">20161230201049</controlfield><controlfield tag="008">090902s1000------------r-----000-0-eng-d</controlfield><datafield ind1=" " ind2=" " tag="040"><subfield code="a">IFIN-HH</subfield></datafield><datafield ind1=" " ind2=" " tag="080"><subfield code="a">518.2</subfield></datafield><datafield ind1="1" ind2=" " tag="100"><subfield code="a">Aiken,Howard H</subfield></datafield><datafield ind1="1" ind2=" " tag="245"><subfield code="a">Sybthesis of Electronic Computing and Control Circuits by the Staff of the Computation Laboratory</subfield></datafield><datafield ind1=" " ind2=" " tag="260"><subfield code="a">Cambridge</subfield><subfield code="b">Harvard Univ.Press</subfield><subfield code="c">1951</subfield></datafield><datafield ind1=" " ind2=" " tag="300"><subfield code="a">278 p</subfield></datafield><datafield ind1=" " ind2=" " tag="490"><subfield code="a">The Annals of the Computation Laboratory of Harvard University</subfield><subfield code="v">vol.XXVII</subfield></datafield><datafield ind1=" " ind2=" " tag="852"><subfield code="a">12300</subfield><subfield code="c">518.2</subfield></datafield><datafield ind1=" " ind2=" " tag="CAT"><subfield code="a">Sys</subfield><subfield code="c">20090902</subfield><subfield code="h">104542</subfield></datafield></record></collection>